@article{jila-krb,
  author = {{Ospelkaus S.} and {Pe'er A.} and {Ni K.-K.} and {Zirbel J. J.} and {Neyenhuis B.} and {Kotochigova S.} and {Julienne P. S.} and {Ye J.} and {Jin D. S.}},
  doi = {http://dx.doi.org/10.1038/nphys997},
  issn = {1745-2473},
  journal = {Nat Phys},
  month = aug,
  note = {10.1038/nphys997},
  number = {8},
  pages = {622--626},
  publisher = {Nature Publishing Group},
  title = {{Efficient state transfer in an ultracold dense gas of heteronuclear molecules}},
  volume = {4},
  year = {2008}
}

@article{feshbach-lecture-note,
  title = {Strongly correlated systems in atomic and condensed matter physics},
  author = {Eugene Demler},
  year = {2014},
  month = {Oct},
  publisher = {Harvard},
}

@article{sideband-cs-lattice,
  title = {Beyond Optical Molasses: 3D Raman Sideband Cooling of Atomic Cesium to High Phase-Space Density},
  author = {Kerman, Andrew J. and Vuleti\ifmmode \acute{c}\else \'{c}\fi{}, Vladan and Chin, Cheng and Chu, Steven},
  journal = {Phys. Rev. Lett.},
  volume = {84},
  issue = {3},
  pages = {439--442},
  numpages = {0},
  year = {2000},
  month = {Jan},
  publisher = {American Physical Society},
  doi = {10.1103/PhysRevLett.84.439},
  url = {http://link.aps.org/doi/10.1103/PhysRevLett.84.439}
}

@article{sideband-single-jila,
  title = {Cooling a Single Atom in an Optical Tweezer to Its Quantum Ground State},
  author = {Kaufman, A. M. and Lester, B. J. and Regal, C. A.},
  journal = {Phys. Rev. X},
  volume = {2},
  issue = {4},
  pages = {041014},
  numpages = {7},
  year = {2012},
  month = {Nov},
  publisher = {American Physical Society},
  doi = {10.1103/PhysRevX.2.041014},
  url = {http://link.aps.org/doi/10.1103/PhysRevX.2.041014}
}

@article{sideband-single-cua,
  title = {Coherence and Raman Sideband Cooling of a Single Atom in an Optical Tweezer},
  author = {Thompson, J. D. and Tiecke, T. G. and Zibrov, A. S. and Vuleti\ifmmode \acute{c}\else \'{c}\fi{}, V. and Lukin, M. D.},
  journal = {Phys. Rev. Lett.},
  volume = {110},
  issue = {13},
  pages = {133001},
  numpages = {5},
  year = {2013},
  month = {Mar},
  publisher = {American Physical Society},
  doi = {10.1103/PhysRevLett.110.133001},
  url = {http://link.aps.org/doi/10.1103/PhysRevLett.110.133001}
}

@article{BECLong,
  author = "{Jongchul Mun}",
  title = "Bose-Einstein Condensates in Optical Lattices: The Superfluid to Mott Insulator Phase Transition",
  year = 2008,
  month = "may",
  url = {http://cua.mit.edu/ketterle_group/Theses/Jongchul\%20Thesis.pdf},
  institution = {Massachusetts Institute of Technology},
  organization = {Massachusetts Institute of Technology},
  school = {Massachusetts Institute of Technology},
  type = "{PhD} dissertation"
}
@article{HandPsi0,
  risfield_0_m3 = "10.1038/415039a",
  author = "{Greiner Markus} and {Mandel Olaf} and {Esslinger Tilman} and {Hansch Theodor W.} and {Bloch Immanuel}",
  doi = "http://dx.doi.org/10.1038/415039a",
  issn = "0028-0836",
  journal = "Nature",
  month = "jan",
  note = "10.1038/415039a",
  number = 6867,
  pages = "39â€“44",
  title = "{Quantum phase transition from a superfluid to a Mott insulator in a gas of ultracold atoms}",
  volume = 415,
  year = 2002,
  url = {http://www.nature.com/nature/journal/v415/n6867/full/415039a.html}
}
@article{PhaseDiagram0,
  volume = {40},
  journal = {Phys. Rev. B},
  author = {Fisher, Matthew P. A. and Weichman, Peter B. and Grinstein, G. and Fisher, Daniel S.},
  month = {Jul},
  url = {http://link.aps.org/doi/10.1103/PhysRevB.40.546},
  doi = {10.1103/PhysRevB.40.546},
  year = {1989},
  title = {Boson localization and the superfluid-insulator transition},
  issue = {1},
  publisher = {American Physical Society},
  pages = {546--570}
}
@article{BraggRevival,
  volume = {107},
  journal = {Phys. Rev. Lett.},
  author = {Miyake, Hirokazu and Siviloglou, Georgios A. and Puentes, Graciana and Pritchard, David E. and Ketterle, Wolfgang and Weld, David M.},
  month = {Oct},
  url = {http://link.aps.org/doi/10.1103/PhysRevLett.107.175302},
  doi = {10.1103/PhysRevLett.107.175302},
  year = {2011},
  title = {Bragg Scattering as a Probe of Atomic Wave Functions and Quantum Phase Transitions in Optical Lattices},
  issue = {17},
  publisher = {American Physical Society},
  numpages = {5},
  pages = {175302}
}
@article{Expansion,
  volume = 87,
  journal = {Phys. Rev. Lett.},
  author = {Pedri, P. and Pitaevskii, L. and Stringari, S. and Fort, C. and Burger, S. and Cataliotti, F. S. and Maddaloni, P. and Minardi, F. and Inguscio, M.},
  month = {Nov},
  url = {http://link.aps.org/doi/10.1103/PhysRevLett.87.220401},
  doi = {10.1103/PhysRevLett.87.220401},
  year = 2001,
  title = {Expansion of a Coherent Array of Bose-Einstein Condensates},
  issue = 22,
  publisher = {American Physical Society},
  numpages = 4,
  pages = 220401
}
@article{WaveFunction,
  volume = {45},
  journal = {Phys. Rev. B},
  author = {Krauth, Werner and Caffarel, Michel and Bouchaud, Jean-Philippe},
  month = {Feb},
  url = {http://link.aps.org/doi/10.1103/PhysRevB.45.3137},
  doi = {10.1103/PhysRevB.45.3137},
  year = {1992},
  title = {Gutzwiller wave function for a model of strongly interacting bosons},
  issue = {6},
  publisher = {American Physical Society},
  pages = {3137--3140}
}
@article{PhaseCoherence,
  volume = {95},
  journal = {Phys. Rev. Lett.},
  author = {Gerbier, Fabrice and Widera, Artur and F\"olling, Simon and Mandel, Olaf and Gericke, Tatjana and Bloch, Immanuel},
  month = {Jul},
  url = {http://link.aps.org/doi/10.1103/PhysRevLett.95.050404},
  doi = {10.1103/PhysRevLett.95.050404},
  year = {2005},
  title = {Phase Coherence of an Atomic Mott Insulator},
  issue = {5},
  publisher = {American Physical Society},
  numpages = {4},
  pages = {050404}
}
@article{HandPsi1,
  volume = {66},
  journal = {Phys. Rev. A},
  author = {Kashurnikov, V. A. and Prokof'ev, N. V. and Svistunov, B. V.},
  month = {Sep},
  url = {http://link.aps.org/doi/10.1103/PhysRevA.66.031601},
  doi = {10.1103/PhysRevA.66.031601},
  year = {2002},
  title = {Revealing the superfluid\char21{}Mott-insulator transition in an optical lattice},
  issue = {3},
  publisher = {American Physical Society},
  numpages = {4},
  pages = {031601}
}
@article{Interference,
  volume = {67},
  journal = {Phys. Rev. A},
  author = {Roth, R. and Burnett, K.},
  month = {Mar},
  url = {http://link.aps.org/doi/10.1103/PhysRevA.67.031602},
  doi = {10.1103/PhysRevA.67.031602},
  year = {2003},
  title = {Superfluidity and interference pattern of ultracold bosons in optical lattices},
  issue = {3},
  publisher = {American Physical Society},
  numpages = {4},
  pages = {031602}
}
@article{Thermal,
  volume = {83},
  journal = {Phys. Rev. A},
  author = {Toth, E. and Blakie, P. B.},
  month = {Feb},
  url = {http://link.aps.org/doi/10.1103/PhysRevA.83.021601},
  doi = {10.1103/PhysRevA.83.021601},
  year = {2011},
  title = {Thermally induced coherence in a Mott insulator of bosonic atoms},
  issue = {2},
  publisher = {American Physical Society},
  numpages = {4},
  pages = {021601}
}
